<?xml version="1.0" encoding="UTF-8"?><record xmlns="http://www.loc.gov/MARC21/slim" xmlns:cinclude="http://apache.org/cocoon/include/1.0" xmlns:zs="http://www.loc.gov/zing/srw/">
  <leader>00756cz  a2200181n  4500</leader>
  <controlfield tag="001">nr 94005317 </controlfield>
  <controlfield tag="003">DLC</controlfield>
  <controlfield tag="005">20080918103708.0</controlfield>
  <controlfield tag="008">940215n| acannaabn          |b ana      </controlfield>
  <datafield tag="010" ind1=" " ind2=" ">
    <subfield code="a">nr 94005317 </subfield>
  </datafield>
  <datafield tag="035" ind1=" " ind2=" ">
    <subfield code="a">(OCoLC)oca03553876</subfield>
  </datafield>
  <datafield tag="040" ind1=" " ind2=" ">
    <subfield code="a">DLC-R</subfield>
    <subfield code="b">eng</subfield>
    <subfield code="c">DLC-R</subfield>
    <subfield code="d">OCoLC</subfield>
  </datafield>
  <datafield tag="110" ind1="2" ind2=" ">
    <subfield code="a">Arai-chō Kyōhoku Tochi Kukaku Seiri Kumiai</subfield>
  </datafield>
  <datafield tag="410" ind1="1" ind2=" ">
    <subfield code="a">Arai-chō (Shizuoka-ken, Japan).</subfield>
    <subfield code="b">Kyōhoku Tochi Kukaku Seiri Kumiai</subfield>
  </datafield>
  <datafield tag="410" ind1="2" ind2=" ">
    <subfield code="a">新居町鄉北土地区画整理組合</subfield>
  </datafield>
  <datafield tag="667" ind1=" " ind2=" ">
    <subfield code="a">Machine-derived non-Latin script reference project.</subfield>
  </datafield>
  <datafield tag="667" ind1=" " ind2=" ">
    <subfield code="a">Non-Latin script reference not evaluated.</subfield>
  </datafield>
  <datafield tag="670" ind1=" " ind2=" ">
    <subfield code="a">Kyōdo tochi kukaku seiri jigyō ni tomonau maizō bunkazai hakkutsu chōsa hōkokusho, 1993:</subfield>
    <subfield code="b">t.p. (Arai-chō Kyōhoku Tochi Kukaku Seiri Kumiai)</subfield>
  </datafield>
</record>